%YAML 1.1
%TAG !u! tag:unity3d.com,2011:
--- !u!114 &8253206195206165036
MonoBehaviour:
  m_ObjectHideFlags: 0
  m_CorrespondingSourceObject: {fileID: 0}
  m_PrefabInstance: {fileID: 0}
  m_PrefabAsset: {fileID: 0}
  m_GameObject: {fileID: 5335761957216394833}
  m_Enabled: 1
  m_EditorHideFlags: 0
  m_Script: {fileID: 11500000, guid: 097b551f2844b054290f18a39bf892e9, type: 3}
  m_Name: 
  m_EditorClassIdentifier: 
  m_Solvers:
  - {fileID: 8253206195287215408}
  - {fileID: 8253206195429311262}
  - {fileID: 8253206195124338400}
  m_Weight: 1
  m_SolverEditorData:
  - color: {r: 0, g: 1, b: 0, a: 1}
    showGizmo: 1
  - color: {r: 0, g: 1, b: 0, a: 1}
    showGizmo: 1
  - color: {r: 0, g: 1, b: 0, a: 1}
    showGizmo: 1
  - color: {r: 0, g: 1, b: 0, a: 1}
    showGizmo: 1
--- !u!1 &8253206195124338406
GameObject:
  m_ObjectHideFlags: 0
  m_CorrespondingSourceObject: {fileID: 0}
  m_PrefabInstance: {fileID: 0}
  m_PrefabAsset: {fileID: 0}
  serializedVersion: 6
  m_Component:
  - component: {fileID: 8253206195124338401}
  - component: {fileID: 8253206195124338400}
  m_Layer: 0
  m_Name: New LimbSolver2D (1)
  m_TagString: Untagged
  m_Icon: {fileID: 0}
  m_NavMeshLayer: 0
  m_StaticEditorFlags: 0
  m_IsActive: 1
--- !u!4 &8253206195124338401
Transform:
  m_ObjectHideFlags: 0
  m_CorrespondingSourceObject: {fileID: 0}
  m_PrefabInstance: {fileID: 0}
  m_PrefabAsset: {fileID: 0}
  m_GameObject: {fileID: 8253206195124338406}
  m_LocalRotation: {x: -0, y: -0, z: -0, w: 1}
  m_LocalPosition: {x: 0, y: 0, z: 0}
  m_LocalScale: {x: 1, y: 1, z: 1}
  m_Children:
  - {fileID: 8253206196092777696}
  m_Father: {fileID: 1645438842956923682}
  m_RootOrder: 16
  m_LocalEulerAnglesHint: {x: 0, y: 0, z: 0}
--- !u!114 &8253206195124338400
MonoBehaviour:
  m_ObjectHideFlags: 0
  m_CorrespondingSourceObject: {fileID: 0}
  m_PrefabInstance: {fileID: 0}
  m_PrefabAsset: {fileID: 0}
  m_GameObject: {fileID: 8253206195124338406}
  m_Enabled: 1
  m_EditorHideFlags: 0
  m_Script: {fileID: 11500000, guid: 30ae93fb156fc6d4c828c64571fc3edd, type: 3}
  m_Name: 
  m_EditorClassIdentifier: 
  m_ConstrainRotation: 1
  m_SolveFromDefaultPose: 1
  m_Weight: 1
  m_Chain:
    m_EffectorTransform: {fileID: 8253206195548673423}
    m_TargetTransform: {fileID: 8253206196092777696}
    m_TransformCount: 3
    m_Transforms:
    - {fileID: 6355178422098872819}
    - {fileID: 1640723159238141658}
    - {fileID: 8253206195548673423}
    m_DefaultLocalRotations:
    - {x: -0, y: -0, z: 0.034699164, w: 0.9993979}
    - {x: 0, y: 0, z: -0.0046423078, w: 0.9999892}
    - {x: 0, y: 0, z: 0, w: 1}
    m_StoredLocalRotations:
    - {x: 0, y: 0, z: 0, w: 0}
    - {x: 0, y: 0, z: 0, w: 0}
    - {x: 0, y: 0, z: 0, w: 0}
  m_Flip: 0
--- !u!1 &8253206195182156670
GameObject:
  m_ObjectHideFlags: 0
  m_CorrespondingSourceObject: {fileID: 0}
  m_PrefabInstance: {fileID: 0}
  m_PrefabAsset: {fileID: 0}
  serializedVersion: 6
  m_Component:
  - component: {fileID: 8253206195182156665}
  m_Layer: 0
  m_Name: New LimbSolver2D (2)_Target
  m_TagString: Untagged
  m_Icon: {fileID: 0}
  m_NavMeshLayer: 0
  m_StaticEditorFlags: 0
  m_IsActive: 1
--- !u!4 &8253206195182156665
Transform:
  m_ObjectHideFlags: 0
  m_CorrespondingSourceObject: {fileID: 0}
  m_PrefabInstance: {fileID: 0}
  m_PrefabAsset: {fileID: 0}
  m_GameObject: {fileID: 8253206195182156670}
  m_LocalRotation: {x: -0, y: -0, z: -0.7006744, w: 0.7134812}
  m_LocalPosition: {x: 1.2890315, y: -1.9212818, z: 0}
  m_LocalScale: {x: 1, y: 1, z: 1}
  m_Children: []
  m_Father: {fileID: 8253206195287215409}
  m_RootOrder: 0
  m_LocalEulerAnglesHint: {x: 0, y: 0, z: 0}
--- !u!1 &8253206195287215414
GameObject:
  m_ObjectHideFlags: 0
  m_CorrespondingSourceObject: {fileID: 0}
  m_PrefabInstance: {fileID: 0}
  m_PrefabAsset: {fileID: 0}
  serializedVersion: 6
  m_Component:
  - component: {fileID: 8253206195287215409}
  - component: {fileID: 8253206195287215408}
  m_Layer: 0
  m_Name: New LimbSolver2D (2)
  m_TagString: Untagged
  m_Icon: {fileID: 0}
  m_NavMeshLayer: 0
  m_StaticEditorFlags: 0
  m_IsActive: 1
--- !u!4 &8253206195287215409
Transform:
  m_ObjectHideFlags: 0
  m_CorrespondingSourceObject: {fileID: 0}
  m_PrefabInstance: {fileID: 0}
  m_PrefabAsset: {fileID: 0}
  m_GameObject: {fileID: 8253206195287215414}
  m_LocalRotation: {x: -0, y: -0, z: -0, w: 1}
  m_LocalPosition: {x: 0, y: 0, z: 0}
  m_LocalScale: {x: 1, y: 1, z: 1}
  m_Children:
  - {fileID: 8253206195182156665}
  m_Father: {fileID: 1645438842956923682}
  m_RootOrder: 12
  m_LocalEulerAnglesHint: {x: 0, y: 0, z: 0}
--- !u!114 &8253206195287215408
MonoBehaviour:
  m_ObjectHideFlags: 0
  m_CorrespondingSourceObject: {fileID: 0}
  m_PrefabInstance: {fileID: 0}
  m_PrefabAsset: {fileID: 0}
  m_GameObject: {fileID: 8253206195287215414}
  m_Enabled: 1
  m_EditorHideFlags: 0
  m_Script: {fileID: 11500000, guid: 30ae93fb156fc6d4c828c64571fc3edd, type: 3}
  m_Name: 
  m_EditorClassIdentifier: 
  m_ConstrainRotation: 1
  m_SolveFromDefaultPose: 1
  m_Weight: 1
  m_Chain:
    m_EffectorTransform: {fileID: 8253206196081264586}
    m_TargetTransform: {fileID: 8253206195182156665}
    m_TransformCount: 3
    m_Transforms:
    - {fileID: 1534038286268753278}
    - {fileID: 5595203933044119759}
    - {fileID: 8253206196081264586}
    m_DefaultLocalRotations:
    - {x: 0, y: 0, z: 0.52182275, w: 0.853054}
    - {x: 0, y: 0, z: -0.00000005084598, w: 1}
    - {x: 0, y: 0, z: 0, w: 1}
    m_StoredLocalRotations:
    - {x: 0, y: 0, z: 0, w: 0}
    - {x: 0, y: 0, z: 0, w: 0}
    - {x: 0, y: 0, z: 0, w: 0}
  m_Flip: 0
--- !u!1 &8253206195429311260
GameObject:
  m_ObjectHideFlags: 0
  m_CorrespondingSourceObject: {fileID: 0}
  m_PrefabInstance: {fileID: 0}
  m_PrefabAsset: {fileID: 0}
  serializedVersion: 6
  m_Component:
  - component: {fileID: 8253206195429311263}
  - component: {fileID: 8253206195429311262}
  m_Layer: 0
  m_Name: New LimbSolver2D
  m_TagString: Untagged
  m_Icon: {fileID: 0}
  m_NavMeshLayer: 0
  m_StaticEditorFlags: 0
  m_IsActive: 1
--- !u!4 &8253206195429311263
Transform:
  m_ObjectHideFlags: 0
  m_CorrespondingSourceObject: {fileID: 0}
  m_PrefabInstance: {fileID: 0}
  m_PrefabAsset: {fileID: 0}
  m_GameObject: {fileID: 8253206195429311260}
  m_LocalRotation: {x: -0, y: -0, z: -0, w: 1}
  m_LocalPosition: {x: 0, y: 0, z: 0}
  m_LocalScale: {x: 1, y: 1, z: 1}
  m_Children:
  - {fileID: 8253206195928669251}
  m_Father: {fileID: 1645438842956923682}
  m_RootOrder: 14
  m_LocalEulerAnglesHint: {x: 0, y: 0, z: 0}
--- !u!114 &8253206195429311262
MonoBehaviour:
  m_ObjectHideFlags: 0
  m_CorrespondingSourceObject: {fileID: 0}
  m_PrefabInstance: {fileID: 0}
  m_PrefabAsset: {fileID: 0}
  m_GameObject: {fileID: 8253206195429311260}
  m_Enabled: 1
  m_EditorHideFlags: 0
  m_Script: {fileID: 11500000, guid: 30ae93fb156fc6d4c828c64571fc3edd, type: 3}
  m_Name: 
  m_EditorClassIdentifier: 
  m_ConstrainRotation: 1
  m_SolveFromDefaultPose: 1
  m_Weight: 1
  m_Chain:
    m_EffectorTransform: {fileID: 8253206195746447566}
    m_TargetTransform: {fileID: 8253206195928669251}
    m_TransformCount: 3
    m_Transforms:
    - {fileID: 6605157051108723044}
    - {fileID: 6014263821719411424}
    - {fileID: 8253206195746447566}
    m_DefaultLocalRotations:
    - {x: -0, y: -0, z: -0.015711602, w: 0.9998766}
    - {x: 0, y: 0, z: -0.027336089, w: 0.99962634}
    - {x: 0, y: 0, z: 0, w: 1}
    m_StoredLocalRotations:
    - {x: 0, y: 0, z: 0, w: 0}
    - {x: 0, y: 0, z: 0, w: 0}
    - {x: 0, y: 0, z: 0, w: 0}
  m_Flip: 0
--- !u!1 &8253206195548673420
GameObject:
  m_ObjectHideFlags: 0
  m_CorrespondingSourceObject: {fileID: 0}
  m_PrefabInstance: {fileID: 0}
  m_PrefabAsset: {fileID: 0}
  serializedVersion: 6
  m_Component:
  - component: {fileID: 8253206195548673423}
  m_Layer: 0
  m_Name: right
  m_TagString: Untagged
  m_Icon: {fileID: 0}
  m_NavMeshLayer: 0
  m_StaticEditorFlags: 0
  m_IsActive: 1
--- !u!4 &8253206195548673423
Transform:
  m_ObjectHideFlags: 0
  m_CorrespondingSourceObject: {fileID: 0}
  m_PrefabInstance: {fileID: 0}
  m_PrefabAsset: {fileID: 0}
  m_GameObject: {fileID: 8253206195548673420}
  m_LocalRotation: {x: -0, y: -0, z: 0.000041745592, w: 1}
  m_LocalPosition: {x: 0.181, y: 0, z: 0}
  m_LocalScale: {x: 1, y: 1, z: 1}
  m_Children: []
  m_Father: {fileID: 1640723159238141658}
  m_RootOrder: 0
  m_LocalEulerAnglesHint: {x: 0, y: 0, z: 0.004}
--- !u!1 &8253206195746447567
GameObject:
  m_ObjectHideFlags: 0
  m_CorrespondingSourceObject: {fileID: 0}
  m_PrefabInstance: {fileID: 0}
  m_PrefabAsset: {fileID: 0}
  serializedVersion: 6
  m_Component:
  - component: {fileID: 8253206195746447566}
  m_Layer: 0
  m_Name: left
  m_TagString: Untagged
  m_Icon: {fileID: 0}
  m_NavMeshLayer: 0
  m_StaticEditorFlags: 0
  m_IsActive: 1
--- !u!4 &8253206195746447566
Transform:
  m_ObjectHideFlags: 0
  m_CorrespondingSourceObject: {fileID: 0}
  m_PrefabInstance: {fileID: 0}
  m_PrefabAsset: {fileID: 0}
  m_GameObject: {fileID: 8253206195746447567}
  m_LocalRotation: {x: -0, y: -0, z: -0.00002072006, w: 1}
  m_LocalPosition: {x: 0.185, y: 0, z: 0}
  m_LocalScale: {x: 1, y: 1, z: 1}
  m_Children: []
  m_Father: {fileID: 6014263821719411424}
  m_RootOrder: 0
  m_LocalEulerAnglesHint: {x: 0, y: 0, z: -0.002}
--- !u!1 &8253206195928669248
GameObject:
  m_ObjectHideFlags: 0
  m_CorrespondingSourceObject: {fileID: 0}
  m_PrefabInstance: {fileID: 0}
  m_PrefabAsset: {fileID: 0}
  serializedVersion: 6
  m_Component:
  - component: {fileID: 8253206195928669251}
  m_Layer: 0
  m_Name: New LimbSolver2D_Target
  m_TagString: Untagged
  m_Icon: {fileID: 0}
  m_NavMeshLayer: 0
  m_StaticEditorFlags: 0
  m_IsActive: 1
--- !u!4 &8253206195928669251
Transform:
  m_ObjectHideFlags: 0
  m_CorrespondingSourceObject: {fileID: 0}
  m_PrefabInstance: {fileID: 0}
  m_PrefabAsset: {fileID: 0}
  m_GameObject: {fileID: 8253206195928669248}
  m_LocalRotation: {x: -0, y: -0, z: -0.85567564, w: 0.5175126}
  m_LocalPosition: {x: -0.97626364, y: -2.4140024, z: 0}
  m_LocalScale: {x: 1, y: 1, z: 1}
  m_Children: []
  m_Father: {fileID: 8253206195429311263}
  m_RootOrder: 0
  m_LocalEulerAnglesHint: {x: 0, y: 0, z: 0}
--- !u!1 &8253206196081264587
GameObject:
  m_ObjectHideFlags: 0
  m_CorrespondingSourceObject: {fileID: 0}
  m_PrefabInstance: {fileID: 0}
  m_PrefabAsset: {fileID: 0}
  serializedVersion: 6
  m_Component:
  - component: {fileID: 8253206196081264586}
  m_Layer: 0
  m_Name: backLeg
  m_TagString: Untagged
  m_Icon: {fileID: 0}
  m_NavMeshLayer: 0
  m_StaticEditorFlags: 0
  m_IsActive: 1
--- !u!4 &8253206196081264586
Transform:
  m_ObjectHideFlags: 0
  m_CorrespondingSourceObject: {fileID: 0}
  m_PrefabInstance: {fileID: 0}
  m_PrefabAsset: {fileID: 0}
  m_GameObject: {fileID: 8253206196081264587}
  m_LocalRotation: {x: -0, y: -0, z: -0.000000038560977, w: 1}
  m_LocalPosition: {x: 0.142, y: 0, z: 0}
  m_LocalScale: {x: 1, y: 1, z: 1}
  m_Children: []
  m_Father: {fileID: 5595203933044119759}
  m_RootOrder: 0
  m_LocalEulerAnglesHint: {x: 0, y: 0, z: 0}
--- !u!1 &8253206196092777697
GameObject:
  m_ObjectHideFlags: 0
  m_CorrespondingSourceObject: {fileID: 0}
  m_PrefabInstance: {fileID: 0}
  m_PrefabAsset: {fileID: 0}
  serializedVersion: 6
  m_Component:
  - component: {fileID: 8253206196092777696}
  m_Layer: 0
  m_Name: New LimbSolver2D (1)_Target
  m_TagString: Untagged
  m_Icon: {fileID: 0}
  m_NavMeshLayer: 0
  m_StaticEditorFlags: 0
  m_IsActive: 1
--- !u!4 &8253206196092777696
Transform:
  m_ObjectHideFlags: 0
  m_CorrespondingSourceObject: {fileID: 0}
  m_PrefabInstance: {fileID: 0}
  m_PrefabAsset: {fileID: 0}
  m_GameObject: {fileID: 8253206196092777697}
  m_LocalRotation: {x: -0, y: -0, z: -0.81558496, w: 0.5786374}
  m_LocalPosition: {x: -0.44923246, y: -2.6192803, z: 0}
  m_LocalScale: {x: 1, y: 1, z: 1}
  m_Children: []
  m_Father: {fileID: 8253206195124338401}
  m_RootOrder: 0
  m_LocalEulerAnglesHint: {x: 0, y: 0, z: 0}
--- !u!1 &8253206196278921961
GameObject:
  m_ObjectHideFlags: 0
  m_CorrespondingSourceObject: {fileID: 0}
  m_PrefabInstance: {fileID: 0}
  m_PrefabAsset: {fileID: 0}
  serializedVersion: 6
  m_Component:
  - component: {fileID: 7079078640116660488}
  - component: {fileID: 8253206196278921960}
  - component: {fileID: 819959144974008108}
  m_Layer: 0
  m_Name: Cat_2
  m_TagString: Untagged
  m_Icon: {fileID: 0}
  m_NavMeshLayer: 0
  m_StaticEditorFlags: 0
  m_IsActive: 1
--- !u!224 &7079078640116660488
RectTransform:
  m_ObjectHideFlags: 0
  m_CorrespondingSourceObject: {fileID: 0}
  m_PrefabInstance: {fileID: 0}
  m_PrefabAsset: {fileID: 0}
  m_GameObject: {fileID: 8253206196278921961}
  m_LocalRotation: {x: 0, y: 0, z: 0, w: 1}
  m_LocalPosition: {x: 0, y: 0, z: 0}
  m_LocalScale: {x: 1, y: 1, z: 1}
  m_Children:
  - {fileID: 1645438842956923682}
  m_Father: {fileID: 0}
  m_RootOrder: 0
  m_LocalEulerAnglesHint: {x: 0, y: 0, z: 0}
  m_AnchorMin: {x: 0.5, y: 0.5}
  m_AnchorMax: {x: 0.5, y: 0.5}
  m_AnchoredPosition: {x: 0, y: 0}
  m_SizeDelta: {x: 100, y: 100}
  m_Pivot: {x: 0.5, y: 0.5}
--- !u!95 &8253206196278921960
Animator:
  serializedVersion: 3
  m_ObjectHideFlags: 0
  m_CorrespondingSourceObject: {fileID: 0}
  m_PrefabInstance: {fileID: 0}
  m_PrefabAsset: {fileID: 0}
  m_GameObject: {fileID: 8253206196278921961}
  m_Enabled: 1
  m_Avatar: {fileID: 0}
  m_Controller: {fileID: 9100000, guid: 4892f82d0e14d483fbc0fea9ba210036, type: 2}
  m_CullingMode: 0
  m_UpdateMode: 0
  m_ApplyRootMotion: 0
  m_LinearVelocityBlending: 0
  m_WarningMessage: 
  m_HasTransformHierarchy: 1
  m_AllowConstantClipSamplingOptimization: 1
  m_KeepAnimatorControllerStateOnDisable: 0
--- !u!222 &819959144974008108
CanvasRenderer:
  m_ObjectHideFlags: 0
  m_CorrespondingSourceObject: {fileID: 0}
  m_PrefabInstance: {fileID: 0}
  m_PrefabAsset: {fileID: 0}
  m_GameObject: {fileID: 8253206196278921961}
  m_CullTransparentMesh: 0
--- !u!1001 &8253206195206165077
PrefabInstance:
  m_ObjectHideFlags: 0
  serializedVersion: 2
  m_Modification:
    m_TransformParent: {fileID: 7079078640116660488}
    m_Modifications:
    - target: {fileID: -8716895311112351810, guid: 447aa5af90cb448ed9d695d53154f274,
        type: 3}
      propertyPath: m_LocalPosition.y
      value: 0.0000002632642
      objectReference: {fileID: 0}
    - target: {fileID: -8716895311112351810, guid: 447aa5af90cb448ed9d695d53154f274,
        type: 3}
      propertyPath: m_LocalRotation.x
      value: -0
      objectReference: {fileID: 0}
    - target: {fileID: -8716895311112351810, guid: 447aa5af90cb448ed9d695d53154f274,
        type: 3}
      propertyPath: m_LocalRotation.y
      value: -0
      objectReference: {fileID: 0}
    - target: {fileID: -8716895311112351810, guid: 447aa5af90cb448ed9d695d53154f274,
        type: 3}
      propertyPath: m_LocalRotation.z
      value: 0.63463044
      objectReference: {fileID: 0}
    - target: {fileID: -8716895311112351810, guid: 447aa5af90cb448ed9d695d53154f274,
        type: 3}
      propertyPath: m_LocalRotation.w
      value: 0.77281666
      objectReference: {fileID: 0}
    - target: {fileID: -8716895311112351810, guid: 447aa5af90cb448ed9d695d53154f274,
        type: 3}
      propertyPath: m_LocalScale.x
      value: 0.9999998
      objectReference: {fileID: 0}
    - target: {fileID: -8716895311112351810, guid: 447aa5af90cb448ed9d695d53154f274,
        type: 3}
      propertyPath: m_LocalScale.y
      value: 0.9999998
      objectReference: {fileID: 0}
    - target: {fileID: -8716895311112351810, guid: 447aa5af90cb448ed9d695d53154f274,
        type: 3}
      propertyPath: m_LocalEulerAnglesHint.z
      value: 0
      objectReference: {fileID: 0}
    - target: {fileID: -8716895311112351810, guid: 447aa5af90cb448ed9d695d53154f274,
        type: 3}
      propertyPath: m_LocalScale.z
      value: 1
      objectReference: {fileID: 0}
    - target: {fileID: -8716895311112351810, guid: 447aa5af90cb448ed9d695d53154f274,
        type: 3}
      propertyPath: m_LocalPosition.x
      value: 0.8596208
      objectReference: {fileID: 0}
    - target: {fileID: -8253052745145328012, guid: 447aa5af90cb448ed9d695d53154f274,
        type: 3}
      propertyPath: m_Bounds.m_Center.x
      value: -0.024053723
      objectReference: {fileID: 0}
    - target: {fileID: -8253052745145328012, guid: 447aa5af90cb448ed9d695d53154f274,
        type: 3}
      propertyPath: m_Bounds.m_Center.y
      value: -0.009548515
      objectReference: {fileID: 0}
    - target: {fileID: -8253052745145328012, guid: 447aa5af90cb448ed9d695d53154f274,
        type: 3}
      propertyPath: m_Bounds.m_Extent.x
      value: 0.36210018
      objectReference: {fileID: 0}
    - target: {fileID: -8253052745145328012, guid: 447aa5af90cb448ed9d695d53154f274,
        type: 3}
      propertyPath: m_Bounds.m_Extent.y
      value: 0.29053196
      objectReference: {fileID: 0}
    - target: {fileID: -8181234749413634611, guid: 447aa5af90cb448ed9d695d53154f274,
        type: 3}
      propertyPath: m_Bounds.m_Center.x
      value: -0.019859672
      objectReference: {fileID: 0}
    - target: {fileID: -8181234749413634611, guid: 447aa5af90cb448ed9d695d53154f274,
        type: 3}
      propertyPath: m_Bounds.m_Center.y
      value: -0.1929661
      objectReference: {fileID: 0}
    - target: {fileID: -8181234749413634611, guid: 447aa5af90cb448ed9d695d53154f274,
        type: 3}
      propertyPath: m_Bounds.m_Extent.x
      value: 1.5453303
      objectReference: {fileID: 0}
    - target: {fileID: -8181234749413634611, guid: 447aa5af90cb448ed9d695d53154f274,
        type: 3}
      propertyPath: m_Bounds.m_Extent.y
      value: 1.5020354
      objectReference: {fileID: 0}
    - target: {fileID: -8094077271769311193, guid: 447aa5af90cb448ed9d695d53154f274,
        type: 3}
      propertyPath: m_Bounds.m_Center.x
      value: -0.35749596
      objectReference: {fileID: 0}
    - target: {fileID: -8094077271769311193, guid: 447aa5af90cb448ed9d695d53154f274,
        type: 3}
      propertyPath: m_Bounds.m_Center.y
      value: 0.015682578
      objectReference: {fileID: 0}
    - target: {fileID: -8094077271769311193, guid: 447aa5af90cb448ed9d695d53154f274,
        type: 3}
      propertyPath: m_Bounds.m_Extent.x
      value: 0.33892268
      objectReference: {fileID: 0}
    - target: {fileID: -8094077271769311193, guid: 447aa5af90cb448ed9d695d53154f274,
        type: 3}
      propertyPath: m_Bounds.m_Extent.y
      value: 0.48213214
      objectReference: {fileID: 0}
    - target: {fileID: -7660519860801897142, guid: 447aa5af90cb448ed9d695d53154f274,
        type: 3}
      propertyPath: m_LocalRotation.z
      value: 0.334921
      objectReference: {fileID: 0}
    - target: {fileID: -7660519860801897142, guid: 447aa5af90cb448ed9d695d53154f274,
        type: 3}
      propertyPath: m_LocalRotation.w
      value: 0.9422463
      objectReference: {fileID: 0}
    - target: {fileID: -7660519860801897142, guid: 447aa5af90cb448ed9d695d53154f274,
        type: 3}
      propertyPath: m_LocalPosition.x
      value: 1.143751
      objectReference: {fileID: 0}
    - target: {fileID: -7507825962365942063, guid: 447aa5af90cb448ed9d695d53154f274,
        type: 3}
      propertyPath: m_IsActive
      value: 0
      objectReference: {fileID: 0}
    - target: {fileID: -7472237635815742185, guid: 447aa5af90cb448ed9d695d53154f274,
        type: 3}
      propertyPath: m_LocalRotation.x
      value: 0
      objectReference: {fileID: 0}
    - target: {fileID: -7472237635815742185, guid: 447aa5af90cb448ed9d695d53154f274,
        type: 3}
      propertyPath: m_LocalRotation.y
      value: 0
      objectReference: {fileID: 0}
    - target: {fileID: -7472237635815742185, guid: 447aa5af90cb448ed9d695d53154f274,
        type: 3}
      propertyPath: m_LocalRotation.z
      value: 0.0004887281
      objectReference: {fileID: 0}
    - target: {fileID: -7472237635815742185, guid: 447aa5af90cb448ed9d695d53154f274,
        type: 3}
      propertyPath: m_LocalEulerAnglesHint.z
      value: 0
      objectReference: {fileID: 0}
    - target: {fileID: -7472237635815742185, guid: 447aa5af90cb448ed9d695d53154f274,
        type: 3}
      propertyPath: m_LocalRotation.w
      value: 0.9999999
      objectReference: {fileID: 0}
    - target: {fileID: -7472237635815742185, guid: 447aa5af90cb448ed9d695d53154f274,
        type: 3}
      propertyPath: m_LocalPosition.x
      value: 0.1127763
      objectReference: {fileID: 0}
    - target: {fileID: -7472237635815742185, guid: 447aa5af90cb448ed9d695d53154f274,
        type: 3}
      propertyPath: m_LocalPosition.y
      value: 0.1426242
      objectReference: {fileID: 0}
    - target: {fileID: -7472237635815742185, guid: 447aa5af90cb448ed9d695d53154f274,
        type: 3}
      propertyPath: m_LocalScale.y
      value: 1
      objectReference: {fileID: 0}
    - target: {fileID: -7472237635815742185, guid: 447aa5af90cb448ed9d695d53154f274,
        type: 3}
      propertyPath: m_LocalScale.x
      value: 1
      objectReference: {fileID: 0}
    - target: {fileID: -7472237635815742185, guid: 447aa5af90cb448ed9d695d53154f274,
        type: 3}
      propertyPath: m_LocalScale.z
      value: 1
      objectReference: {fileID: 0}
    - target: {fileID: -7383300822245412351, guid: 447aa5af90cb448ed9d695d53154f274,
        type: 3}
      propertyPath: m_LocalRotation.x
      value: 0
      objectReference: {fileID: 0}
    - target: {fileID: -7383300822245412351, guid: 447aa5af90cb448ed9d695d53154f274,
        type: 3}
      propertyPath: m_LocalRotation.y
      value: 0
      objectReference: {fileID: 0}
    - target: {fileID: -7383300822245412351, guid: 447aa5af90cb448ed9d695d53154f274,
        type: 3}
      propertyPath: m_LocalRotation.z
      value: 0.0000002457562
      objectReference: {fileID: 0}
    - target: {fileID: -7383300822245412351, guid: 447aa5af90cb448ed9d695d53154f274,
        type: 3}
      propertyPath: m_LocalPosition.x
      value: 0.3664445
      objectReference: {fileID: 0}
    - target: {fileID: -7383300822245412351, guid: 447aa5af90cb448ed9d695d53154f274,
        type: 3}
      propertyPath: m_LocalPosition.y
      value: 0.00000006192073
      objectReference: {fileID: 0}
    - target: {fileID: -6946721791067163215, guid: 447aa5af90cb448ed9d695d53154f274,
        type: 3}
      propertyPath: m_LocalRotation.z
      value: -0.3121053
      objectReference: {fileID: 0}
    - target: {fileID: -6946721791067163215, guid: 447aa5af90cb448ed9d695d53154f274,
        type: 3}
      propertyPath: m_LocalPosition.x
      value: -1.0256401
      objectReference: {fileID: 0}
    - target: {fileID: -6946721791067163215, guid: 447aa5af90cb448ed9d695d53154f274,
        type: 3}
      propertyPath: m_LocalPosition.y
      value: 0.41029358
      objectReference: {fileID: 0}
    - target: {fileID: -6946721791067163215, guid: 447aa5af90cb448ed9d695d53154f274,
        type: 3}
      propertyPath: m_LocalScale.x
      value: 1
      objectReference: {fileID: 0}
    - target: {fileID: -6946721791067163215, guid: 447aa5af90cb448ed9d695d53154f274,
        type: 3}
      propertyPath: m_LocalScale.y
      value: 1
      objectReference: {fileID: 0}
    - target: {fileID: -6946721791067163215, guid: 447aa5af90cb448ed9d695d53154f274,
        type: 3}
      propertyPath: m_LocalScale.z
      value: 1
      objectReference: {fileID: 0}
    - target: {fileID: -6946721791067163215, guid: 447aa5af90cb448ed9d695d53154f274,
        type: 3}
      propertyPath: m_LocalRotation.x
      value: 0
      objectReference: {fileID: 0}
    - target: {fileID: -6946721791067163215, guid: 447aa5af90cb448ed9d695d53154f274,
        type: 3}
      propertyPath: m_LocalRotation.y
      value: 0
      objectReference: {fileID: 0}
    - target: {fileID: -6946721791067163215, guid: 447aa5af90cb448ed9d695d53154f274,
        type: 3}
      propertyPath: m_LocalRotation.w
      value: 0.9500476
      objectReference: {fileID: 0}
    - target: {fileID: -6946721791067163215, guid: 447aa5af90cb448ed9d695d53154f274,
        type: 3}
      propertyPath: m_LocalEulerAnglesHint.z
      value: 0
      objectReference: {fileID: 0}
    - target: {fileID: -6773499214585362251, guid: 447aa5af90cb448ed9d695d53154f274,
        type: 3}
      propertyPath: m_LocalRotation.z
      value: -0.027336089
      objectReference: {fileID: 0}
    - target: {fileID: -6773499214585362251, guid: 447aa5af90cb448ed9d695d53154f274,
        type: 3}
      propertyPath: m_LocalRotation.w
      value: 0.99962634
      objectReference: {fileID: 0}
    - target: {fileID: -6773499214585362251, guid: 447aa5af90cb448ed9d695d53154f274,
        type: 3}
      propertyPath: m_LocalPosition.y
      value: 0.0000001000863
      objectReference: {fileID: 0}
    - target: {fileID: -6773499214585362251, guid: 447aa5af90cb448ed9d695d53154f274,
        type: 3}
      propertyPath: m_LocalRotation.x
      value: 0
      objectReference: {fileID: 0}
    - target: {fileID: -6773499214585362251, guid: 447aa5af90cb448ed9d695d53154f274,
        type: 3}
      propertyPath: m_LocalRotation.y
      value: 0
      objectReference: {fileID: 0}
    - target: {fileID: -6773499214585362251, guid: 447aa5af90cb448ed9d695d53154f274,
        type: 3}
      propertyPath: m_LocalEulerAnglesHint.z
      value: 0
      objectReference: {fileID: 0}
    - target: {fileID: -6336133747882554077, guid: 447aa5af90cb448ed9d695d53154f274,
        type: 3}
      propertyPath: m_RootOrder
      value: 10
      objectReference: {fileID: 0}
    - target: {fileID: -6144204754877719642, guid: 447aa5af90cb448ed9d695d53154f274,
        type: 3}
      propertyPath: m_LocalRotation.x
      value: 0
      objectReference: {fileID: 0}
    - target: {fileID: -6144204754877719642, guid: 447aa5af90cb448ed9d695d53154f274,
        type: 3}
      propertyPath: m_LocalRotation.y
      value: 0
      objectReference: {fileID: 0}
    - target: {fileID: -6144204754877719642, guid: 447aa5af90cb448ed9d695d53154f274,
        type: 3}
      propertyPath: m_LocalRotation.z
      value: 0.034661137
      objectReference: {fileID: 0}
    - target: {fileID: -6144204754877719642, guid: 447aa5af90cb448ed9d695d53154f274,
        type: 3}
      propertyPath: m_LocalEulerAnglesHint.z
      value: 3.977
      objectReference: {fileID: 0}
    - target: {fileID: -6144204754877719642, guid: 447aa5af90cb448ed9d695d53154f274,
        type: 3}
      propertyPath: m_LocalRotation.w
      value: 0.9993992
      objectReference: {fileID: 0}
    - target: {fileID: -6144204754877719642, guid: 447aa5af90cb448ed9d695d53154f274,
        type: 3}
      propertyPath: m_LocalPosition.x
      value: 0.754
      objectReference: {fileID: 0}
    - target: {fileID: -6144204754877719642, guid: 447aa5af90cb448ed9d695d53154f274,
        type: 3}
      propertyPath: m_LocalPosition.y
      value: 0.57
      objectReference: {fileID: 0}
    - target: {fileID: -6144204754877719642, guid: 447aa5af90cb448ed9d695d53154f274,
        type: 3}
      propertyPath: m_LocalScale.x
      value: 1
      objectReference: {fileID: 0}
    - target: {fileID: -6144204754877719642, guid: 447aa5af90cb448ed9d695d53154f274,
        type: 3}
      propertyPath: m_LocalScale.y
      value: 1
      objectReference: {fileID: 0}
    - target: {fileID: -5638556535625170086, guid: 447aa5af90cb448ed9d695d53154f274,
        type: 3}
      propertyPath: m_LocalRotation.x
      value: 0
      objectReference: {fileID: 0}
    - target: {fileID: -5638556535625170086, guid: 447aa5af90cb448ed9d695d53154f274,
        type: 3}
      propertyPath: m_LocalRotation.y
      value: 0
      objectReference: {fileID: 0}
    - target: {fileID: -5638556535625170086, guid: 447aa5af90cb448ed9d695d53154f274,
        type: 3}
      propertyPath: m_LocalRotation.z
      value: -0.8451404
      objectReference: {fileID: 0}
    - target: {fileID: -5638556535625170086, guid: 447aa5af90cb448ed9d695d53154f274,
        type: 3}
      propertyPath: m_LocalRotation.w
      value: 0.5345445
      objectReference: {fileID: 0}
    - target: {fileID: -5638556535625170086, guid: 447aa5af90cb448ed9d695d53154f274,
        type: 3}
      propertyPath: m_LocalEulerAnglesHint.z
      value: 0
      objectReference: {fileID: 0}
    - target: {fileID: -5638556535625170086, guid: 447aa5af90cb448ed9d695d53154f274,
        type: 3}
      propertyPath: m_LocalScale.x
      value: 0.9999999
      objectReference: {fileID: 0}
    - target: {fileID: -5638556535625170086, guid: 447aa5af90cb448ed9d695d53154f274,
        type: 3}
      propertyPath: m_LocalScale.y
      value: 0.9999999
      objectReference: {fileID: 0}
    - target: {fileID: -5638556535625170086, guid: 447aa5af90cb448ed9d695d53154f274,
        type: 3}
      propertyPath: m_LocalScale.z
      value: 1
      objectReference: {fileID: 0}
    - target: {fileID: -5150666119027356668, guid: 447aa5af90cb448ed9d695d53154f274,
        type: 3}
      propertyPath: m_Name
      value: cat_2 (1)
      objectReference: {fileID: 0}
    - target: {fileID: -4621022960212367985, guid: 447aa5af90cb448ed9d695d53154f274,
        type: 3}
      propertyPath: m_LocalRotation.z
      value: 0.334921
      objectReference: {fileID: 0}
    - target: {fileID: -4621022960212367985, guid: 447aa5af90cb448ed9d695d53154f274,
        type: 3}
      propertyPath: m_LocalRotation.w
      value: 0.9422463
      objectReference: {fileID: 0}
    - target: {fileID: -4621022960212367985, guid: 447aa5af90cb448ed9d695d53154f274,
        type: 3}
      propertyPath: m_LocalPosition.x
      value: 1.510197
      objectReference: {fileID: 0}
    - target: {fileID: -4621022960212367985, guid: 447aa5af90cb448ed9d695d53154f274,
        type: 3}
      propertyPath: m_LocalPosition.y
      value: 0.0000005064775
      objectReference: {fileID: 0}
    - target: {fileID: -4473592905761696518, guid: 447aa5af90cb448ed9d695d53154f274,
        type: 3}
      propertyPath: m_Bounds.m_Center.x
      value: 0.0014139414
      objectReference: {fileID: 0}
    - target: {fileID: -4473592905761696518, guid: 447aa5af90cb448ed9d695d53154f274,
        type: 3}
      propertyPath: m_Bounds.m_Center.y
      value: -0.000019967556
      objectReference: {fileID: 0}
    - target: {fileID: -4473592905761696518, guid: 447aa5af90cb448ed9d695d53154f274,
        type: 3}
      propertyPath: m_Bounds.m_Extent.x
      value: 0.3985253
      objectReference: {fileID: 0}
    - target: {fileID: -4473592905761696518, guid: 447aa5af90cb448ed9d695d53154f274,
        type: 3}
      propertyPath: m_Bounds.m_Extent.y
      value: 0.32786012
      objectReference: {fileID: 0}
    - target: {fileID: -3700370798979765849, guid: 447aa5af90cb448ed9d695d53154f274,
        type: 3}
      propertyPath: m_RootOrder
      value: 4
      objectReference: {fileID: 0}
    - target: {fileID: -3371373402810695778, guid: 447aa5af90cb448ed9d695d53154f274,
        type: 3}
      propertyPath: m_RootOrder
      value: 1
      objectReference: {fileID: 0}
    - target: {fileID: -3157153871226176514, guid: 447aa5af90cb448ed9d695d53154f274,
        type: 3}
      propertyPath: m_RootOrder
      value: 2
      objectReference: {fileID: 0}
    - target: {fileID: -2950054982233264892, guid: 447aa5af90cb448ed9d695d53154f274,
        type: 3}
      propertyPath: m_LocalRotation.z
      value: 0.13891391
      objectReference: {fileID: 0}
    - target: {fileID: -2950054982233264892, guid: 447aa5af90cb448ed9d695d53154f274,
        type: 3}
      propertyPath: m_LocalPosition.y
      value: -0.7053668
      objectReference: {fileID: 0}
    - target: {fileID: -2950054982233264892, guid: 447aa5af90cb448ed9d695d53154f274,
        type: 3}
      propertyPath: m_LocalPosition.x
      value: 0.7224363
      objectReference: {fileID: 0}
    - target: {fileID: -2950054982233264892, guid: 447aa5af90cb448ed9d695d53154f274,
        type: 3}
      propertyPath: m_LocalRotation.x
      value: -0
      objectReference: {fileID: 0}
    - target: {fileID: -2950054982233264892, guid: 447aa5af90cb448ed9d695d53154f274,
        type: 3}
      propertyPath: m_LocalRotation.y
      value: -0
      objectReference: {fileID: 0}
    - target: {fileID: -2950054982233264892, guid: 447aa5af90cb448ed9d695d53154f274,
        type: 3}
      propertyPath: m_LocalRotation.w
      value: 0.99030447
      objectReference: {fileID: 0}
    - target: {fileID: -2950054982233264892, guid: 447aa5af90cb448ed9d695d53154f274,
        type: 3}
      propertyPath: m_LocalScale.x
      value: 1
      objectReference: {fileID: 0}
    - target: {fileID: -2950054982233264892, guid: 447aa5af90cb448ed9d695d53154f274,
        type: 3}
      propertyPath: m_LocalScale.y
      value: 1
      objectReference: {fileID: 0}
    - target: {fileID: -2950054982233264892, guid: 447aa5af90cb448ed9d695d53154f274,
        type: 3}
      propertyPath: m_LocalEulerAnglesHint.z
      value: 15.970001
      objectReference: {fileID: 0}
    - target: {fileID: -2950054982233264892, guid: 447aa5af90cb448ed9d695d53154f274,
        type: 3}
      propertyPath: m_LocalScale.z
      value: 1
      objectReference: {fileID: 0}
    - target: {fileID: -2824548146317428966, guid: 447aa5af90cb448ed9d695d53154f274,
        type: 3}
      propertyPath: m_LocalRotation.z
      value: -0.02198924
      objectReference: {fileID: 0}
    - target: {fileID: -2824548146317428966, guid: 447aa5af90cb448ed9d695d53154f274,
        type: 3}
      propertyPath: m_LocalRotation.w
      value: 0.9997582
      objectReference: {fileID: 0}
    - target: {fileID: -2824548146317428966, guid: 447aa5af90cb448ed9d695d53154f274,
        type: 3}
      propertyPath: m_LocalPosition.y
      value: 0.3005536
      objectReference: {fileID: 0}
    - target: {fileID: -2824548146317428966, guid: 447aa5af90cb448ed9d695d53154f274,
        type: 3}
      propertyPath: m_LocalPosition.x
      value: 0.85
      objectReference: {fileID: 0}
    - target: {fileID: -2600022757409548532, guid: 447aa5af90cb448ed9d695d53154f274,
        type: 3}
      propertyPath: m_RootOrder
      value: 3
      objectReference: {fileID: 0}
    - target: {fileID: -2416938234089821796, guid: 447aa5af90cb448ed9d695d53154f274,
        type: 3}
      propertyPath: m_RootOrder
      value: 8
      objectReference: {fileID: 0}
    - target: {fileID: -1841525636247640026, guid: 447aa5af90cb448ed9d695d53154f274,
        type: 3}
      propertyPath: m_LocalRotation.z
      value: 0.18347941
      objectReference: {fileID: 0}
    - target: {fileID: -1841525636247640026, guid: 447aa5af90cb448ed9d695d53154f274,
        type: 3}
      propertyPath: m_LocalRotation.w
      value: 0.9830235
      objectReference: {fileID: 0}
    - target: {fileID: -1841525636247640026, guid: 447aa5af90cb448ed9d695d53154f274,
        type: 3}
      propertyPath: m_LocalPosition.y
      value: -0.1681939
      objectReference: {fileID: 0}
    - target: {fileID: -1841525636247640026, guid: 447aa5af90cb448ed9d695d53154f274,
        type: 3}
      propertyPath: m_LocalScale.x
      value: 1
      objectReference: {fileID: 0}
    - target: {fileID: -1841525636247640026, guid: 447aa5af90cb448ed9d695d53154f274,
        type: 3}
      propertyPath: m_LocalScale.y
      value: 1
      objectReference: {fileID: 0}
    - target: {fileID: -1841525636247640026, guid: 447aa5af90cb448ed9d695d53154f274,
        type: 3}
      propertyPath: m_LocalScale.z
      value: 1
      objectReference: {fileID: 0}
    - target: {fileID: -1841525636247640026, guid: 447aa5af90cb448ed9d695d53154f274,
        type: 3}
      propertyPath: m_LocalPosition.x
      value: 0.9423518
      objectReference: {fileID: 0}
    - target: {fileID: -1841525636247640026, guid: 447aa5af90cb448ed9d695d53154f274,
        type: 3}
      propertyPath: m_LocalRotation.x
      value: -0
      objectReference: {fileID: 0}
    - target: {fileID: -1841525636247640026, guid: 447aa5af90cb448ed9d695d53154f274,
        type: 3}
      propertyPath: m_LocalRotation.y
      value: -0
      objectReference: {fileID: 0}
    - target: {fileID: -1841525636247640026, guid: 447aa5af90cb448ed9d695d53154f274,
        type: 3}
      propertyPath: m_LocalEulerAnglesHint.z
      value: 21.145
      objectReference: {fileID: 0}
    - target: {fileID: -1774395454210787452, guid: 447aa5af90cb448ed9d695d53154f274,
        type: 3}
      propertyPath: m_RootOrder
      value: 6
      objectReference: {fileID: 0}
    - target: {fileID: -1409045285191388105, guid: 447aa5af90cb448ed9d695d53154f274,
        type: 3}
      propertyPath: m_Bounds.m_Center.x
      value: 0.000061273575
      objectReference: {fileID: 0}
    - target: {fileID: -1409045285191388105, guid: 447aa5af90cb448ed9d695d53154f274,
        type: 3}
      propertyPath: m_Bounds.m_Center.y
      value: -0.0018715858
      objectReference: {fileID: 0}
    - target: {fileID: -1409045285191388105, guid: 447aa5af90cb448ed9d695d53154f274,
        type: 3}
      propertyPath: m_Bounds.m_Extent.x
      value: 0.43500057
      objectReference: {fileID: 0}
    - target: {fileID: -1409045285191388105, guid: 447aa5af90cb448ed9d695d53154f274,
        type: 3}
      propertyPath: m_Bounds.m_Extent.y
      value: 0.43825
      objectReference: {fileID: 0}
    - target: {fileID: -1330252666735170083, guid: 447aa5af90cb448ed9d695d53154f274,
        type: 3}
      propertyPath: m_Bounds.m_Center.x
      value: -0.046454325
      objectReference: {fileID: 0}
    - target: {fileID: -1330252666735170083, guid: 447aa5af90cb448ed9d695d53154f274,
        type: 3}
      propertyPath: m_Bounds.m_Center.y
      value: -0.026255846
      objectReference: {fileID: 0}
    - target: {fileID: -1330252666735170083, guid: 447aa5af90cb448ed9d695d53154f274,
        type: 3}
      propertyPath: m_Bounds.m_Extent.x
      value: 0.19652611
      objectReference: {fileID: 0}
    - target: {fileID: -1330252666735170083, guid: 447aa5af90cb448ed9d695d53154f274,
        type: 3}
      propertyPath: m_Bounds.m_Extent.y
      value: 0.3259722
      objectReference: {fileID: 0}
    - target: {fileID: -463315325478427690, guid: 447aa5af90cb448ed9d695d53154f274,
        type: 3}
      propertyPath: m_LocalRotation.y
      value: 0
      objectReference: {fileID: 0}
    - target: {fileID: -463315325478427690, guid: 447aa5af90cb448ed9d695d53154f274,
        type: 3}
      propertyPath: m_LocalPosition.y
      value: 0.5042858
      objectReference: {fileID: 0}
    - target: {fileID: -400747623127798354, guid: 447aa5af90cb448ed9d695d53154f274,
        type: 3}
      propertyPath: m_LocalRotation.y
      value: 0
      objectReference: {fileID: 0}
    - target: {fileID: -400747623127798354, guid: 447aa5af90cb448ed9d695d53154f274,
        type: 3}
      propertyPath: m_LocalRotation.w
      value: 0.685272
      objectReference: {fileID: 0}
    - target: {fileID: -400747623127798354, guid: 447aa5af90cb448ed9d695d53154f274,
        type: 3}
      propertyPath: m_LocalPosition.x
      value: 0.2821614
      objectReference: {fileID: 0}
    - target: {fileID: -400747623127798354, guid: 447aa5af90cb448ed9d695d53154f274,
        type: 3}
      propertyPath: m_LocalPosition.y
      value: -0.6083208
      objectReference: {fileID: 0}
    - target: {fileID: -168505745413110090, guid: 447aa5af90cb448ed9d695d53154f274,
        type: 3}
      propertyPath: m_LocalRotation.z
      value: -0.9700238
      objectReference: {fileID: 0}
    - target: {fileID: -168505745413110090, guid: 447aa5af90cb448ed9d695d53154f274,
        type: 3}
      propertyPath: m_LocalRotation.w
      value: 0.2430102
      objectReference: {fileID: 0}
    - target: {fileID: -168505745413110090, guid: 447aa5af90cb448ed9d695d53154f274,
        type: 3}
      propertyPath: m_LocalPosition.y
      value: -0.1926546
      objectReference: {fileID: 0}
    - target: {fileID: -168505745413110090, guid: 447aa5af90cb448ed9d695d53154f274,
        type: 3}
      propertyPath: m_LocalScale.y
      value: 1
      objectReference: {fileID: 0}
    - target: {fileID: -168505745413110090, guid: 447aa5af90cb448ed9d695d53154f274,
        type: 3}
      propertyPath: m_LocalScale.x
      value: 1
      objectReference: {fileID: 0}
    - target: {fileID: -168505745413110090, guid: 447aa5af90cb448ed9d695d53154f274,
        type: 3}
      propertyPath: m_RootOrder
      value: 0
      objectReference: {fileID: 0}
    - target: {fileID: -168505745413110090, guid: 447aa5af90cb448ed9d695d53154f274,
        type: 3}
      propertyPath: m_LocalPosition.x
      value: 0.9213916
      objectReference: {fileID: 0}
    - target: {fileID: -168505745413110090, guid: 447aa5af90cb448ed9d695d53154f274,
        type: 3}
      propertyPath: m_LocalScale.z
      value: 1
      objectReference: {fileID: 0}
    - target: {fileID: -168505745413110090, guid: 447aa5af90cb448ed9d695d53154f274,
        type: 3}
      propertyPath: m_LocalRotation.x
      value: -0
      objectReference: {fileID: 0}
    - target: {fileID: -168505745413110090, guid: 447aa5af90cb448ed9d695d53154f274,
        type: 3}
      propertyPath: m_LocalRotation.y
      value: -0
      objectReference: {fileID: 0}
    - target: {fileID: -168505745413110090, guid: 447aa5af90cb448ed9d695d53154f274,
        type: 3}
      propertyPath: m_LocalEulerAnglesHint.z
      value: -151.871
      objectReference: {fileID: 0}
    - target: {fileID: 518027845413009090, guid: 447aa5af90cb448ed9d695d53154f274,
        type: 3}
      propertyPath: m_LocalRotation.z
      value: 0.14883131
      objectReference: {fileID: 0}
    - target: {fileID: 518027845413009090, guid: 447aa5af90cb448ed9d695d53154f274,
        type: 3}
      propertyPath: m_LocalRotation.w
      value: 0.98886263
      objectReference: {fileID: 0}
    - target: {fileID: 518027845413009090, guid: 447aa5af90cb448ed9d695d53154f274,
        type: 3}
      propertyPath: m_LocalPosition.x
      value: 0.6370155
      objectReference: {fileID: 0}
    - target: {fileID: 518027845413009090, guid: 447aa5af90cb448ed9d695d53154f274,
        type: 3}
      propertyPath: m_LocalPosition.y
      value: 0.430416
      objectReference: {fileID: 0}
    - target: {fileID: 518027845413009090, guid: 447aa5af90cb448ed9d695d53154f274,
        type: 3}
      propertyPath: m_LocalRotation.x
      value: -0
      objectReference: {fileID: 0}
    - target: {fileID: 518027845413009090, guid: 447aa5af90cb448ed9d695d53154f274,
        type: 3}
      propertyPath: m_LocalRotation.y
      value: -0
      objectReference: {fileID: 0}
    - target: {fileID: 518027845413009090, guid: 447aa5af90cb448ed9d695d53154f274,
        type: 3}
      propertyPath: m_LocalEulerAnglesHint.z
      value: 17.118
      objectReference: {fileID: 0}
    - target: {fileID: 518027845413009090, guid: 447aa5af90cb448ed9d695d53154f274,
        type: 3}
      propertyPath: m_LocalScale.x
      value: 1
      objectReference: {fileID: 0}
    - target: {fileID: 518027845413009090, guid: 447aa5af90cb448ed9d695d53154f274,
        type: 3}
      propertyPath: m_LocalScale.y
      value: 1
      objectReference: {fileID: 0}
    - target: {fileID: 518027845413009090, guid: 447aa5af90cb448ed9d695d53154f274,
        type: 3}
      propertyPath: m_LocalScale.z
      value: 1
      objectReference: {fileID: 0}
    - target: {fileID: 822161473172443996, guid: 447aa5af90cb448ed9d695d53154f274,
        type: 3}
      propertyPath: m_LocalRotation.y
      value: 0
      objectReference: {fileID: 0}
    - target: {fileID: 822161473172443996, guid: 447aa5af90cb448ed9d695d53154f274,
        type: 3}
      propertyPath: m_LocalRotation.w
      value: -0.027313476
      objectReference: {fileID: 0}
    - target: {fileID: 822161473172443996, guid: 447aa5af90cb448ed9d695d53154f274,
        type: 3}
      propertyPath: m_LocalPosition.x
      value: -0.01988409
      objectReference: {fileID: 0}
    - target: {fileID: 822161473172443996, guid: 447aa5af90cb448ed9d695d53154f274,
        type: 3}
      propertyPath: m_LocalPosition.y
      value: -0.1793317
      objectReference: {fileID: 0}
    - target: {fileID: 822161473172443996, guid: 447aa5af90cb448ed9d695d53154f274,
        type: 3}
      propertyPath: m_LocalScale.x
      value: 0.9999998
      objectReference: {fileID: 0}
    - target: {fileID: 822161473172443996, guid: 447aa5af90cb448ed9d695d53154f274,
        type: 3}
      propertyPath: m_LocalScale.y
      value: 0.9999998
      objectReference: {fileID: 0}
    - target: {fileID: 822161473172443996, guid: 447aa5af90cb448ed9d695d53154f274,
        type: 3}
      propertyPath: m_LocalRotation.x
      value: -0
      objectReference: {fileID: 0}
    - target: {fileID: 822161473172443996, guid: 447aa5af90cb448ed9d695d53154f274,
        type: 3}
      propertyPath: m_LocalRotation.z
      value: -0.99962693
      objectReference: {fileID: 0}
    - target: {fileID: 822161473172443996, guid: 447aa5af90cb448ed9d695d53154f274,
        type: 3}
      propertyPath: m_LocalEulerAnglesHint.z
      value: 0
      objectReference: {fileID: 0}
    - target: {fileID: 822161473172443996, guid: 447aa5af90cb448ed9d695d53154f274,
        type: 3}
      propertyPath: m_LocalScale.z
      value: 1
      objectReference: {fileID: 0}
    - target: {fileID: 860826985352508879, guid: 447aa5af90cb448ed9d695d53154f274,
        type: 3}
      propertyPath: m_Bounds.m_Center.x
      value: -0.00011108816
      objectReference: {fileID: 0}
    - target: {fileID: 860826985352508879, guid: 447aa5af90cb448ed9d695d53154f274,
        type: 3}
      propertyPath: m_Bounds.m_Center.y
      value: 0.000028192997
      objectReference: {fileID: 0}
    - target: {fileID: 860826985352508879, guid: 447aa5af90cb448ed9d695d53154f274,
        type: 3}
      propertyPath: m_Bounds.m_Extent.x
      value: 0.1899504
      objectReference: {fileID: 0}
    - target: {fileID: 860826985352508879, guid: 447aa5af90cb448ed9d695d53154f274,
        type: 3}
      propertyPath: m_Bounds.m_Extent.y
      value: 0.32484955
      objectReference: {fileID: 0}
    - target: {fileID: 1069365664295423646, guid: 447aa5af90cb448ed9d695d53154f274,
        type: 3}
      propertyPath: m_Bounds.m_Center.x
      value: 0.6632568
      objectReference: {fileID: 0}
    - target: {fileID: 1069365664295423646, guid: 447aa5af90cb448ed9d695d53154f274,
        type: 3}
      propertyPath: m_Bounds.m_Center.y
      value: -0.036554098
      objectReference: {fileID: 0}
    - target: {fileID: 1069365664295423646, guid: 447aa5af90cb448ed9d695d53154f274,
        type: 3}
      propertyPath: m_Bounds.m_Extent.x
      value: 0.88110757
      objectReference: {fileID: 0}
    - target: {fileID: 1069365664295423646, guid: 447aa5af90cb448ed9d695d53154f274,
        type: 3}
      propertyPath: m_Bounds.m_Extent.y
      value: 1.5477755
      objectReference: {fileID: 0}
    - target: {fileID: 1581783042768880670, guid: 447aa5af90cb448ed9d695d53154f274,
        type: 3}
      propertyPath: m_LocalRotation.z
      value: -0.02733613
      objectReference: {fileID: 0}
    - target: {fileID: 1581783042768880670, guid: 447aa5af90cb448ed9d695d53154f274,
        type: 3}
      propertyPath: m_LocalRotation.w
      value: 0.9996263
      objectReference: {fileID: 0}
    - target: {fileID: 1581783042768880670, guid: 447aa5af90cb448ed9d695d53154f274,
        type: 3}
      propertyPath: m_LocalScale.x
      value: 1
      objectReference: {fileID: 0}
    - target: {fileID: 1581783042768880670, guid: 447aa5af90cb448ed9d695d53154f274,
        type: 3}
      propertyPath: m_LocalScale.y
      value: 1
      objectReference: {fileID: 0}
    - target: {fileID: 1833500933127597276, guid: 447aa5af90cb448ed9d695d53154f274,
        type: 3}
      propertyPath: m_RootOrder
      value: 13
      objectReference: {fileID: 0}
    - target: {fileID: 2248633978593875156, guid: 447aa5af90cb448ed9d695d53154f274,
        type: 3}
      propertyPath: m_Bounds.m_Center.x
      value: -0.20273158
      objectReference: {fileID: 0}
    - target: {fileID: 2248633978593875156, guid: 447aa5af90cb448ed9d695d53154f274,
        type: 3}
      propertyPath: m_Bounds.m_Center.y
      value: 0.029045284
      objectReference: {fileID: 0}
    - target: {fileID: 2248633978593875156, guid: 447aa5af90cb448ed9d695d53154f274,
        type: 3}
      propertyPath: m_Bounds.m_Extent.x
      value: 0.373022
      objectReference: {fileID: 0}
    - target: {fileID: 2248633978593875156, guid: 447aa5af90cb448ed9d695d53154f274,
        type: 3}
      propertyPath: m_Bounds.m_Extent.y
      value: 0.4573441
      objectReference: {fileID: 0}
    - target: {fileID: 2964349426661956401, guid: 447aa5af90cb448ed9d695d53154f274,
        type: 3}
      propertyPath: m_LocalPosition.x
      value: 0.834
      objectReference: {fileID: 0}
    - target: {fileID: 2964349426661956401, guid: 447aa5af90cb448ed9d695d53154f274,
        type: 3}
      propertyPath: m_LocalPosition.y
      value: 0.096
      objectReference: {fileID: 0}
    - target: {fileID: 2964349426661956401, guid: 447aa5af90cb448ed9d695d53154f274,
        type: 3}
      propertyPath: m_LocalRotation.x
      value: 0
      objectReference: {fileID: 0}
    - target: {fileID: 2964349426661956401, guid: 447aa5af90cb448ed9d695d53154f274,
        type: 3}
      propertyPath: m_LocalRotation.y
      value: 0
      objectReference: {fileID: 0}
    - target: {fileID: 2964349426661956401, guid: 447aa5af90cb448ed9d695d53154f274,
        type: 3}
      propertyPath: m_LocalRotation.z
      value: -0.015687164
      objectReference: {fileID: 0}
    - target: {fileID: 2964349426661956401, guid: 447aa5af90cb448ed9d695d53154f274,
        type: 3}
      propertyPath: m_LocalRotation.w
      value: 0.999877
      objectReference: {fileID: 0}
    - target: {fileID: 2964349426661956401, guid: 447aa5af90cb448ed9d695d53154f274,
        type: 3}
      propertyPath: m_LocalEulerAnglesHint.z
      value: -1.801
      objectReference: {fileID: 0}
    - target: {fileID: 2964349426661956401, guid: 447aa5af90cb448ed9d695d53154f274,
        type: 3}
      propertyPath: m_LocalScale.x
      value: 1
      objectReference: {fileID: 0}
    - target: {fileID: 2964349426661956401, guid: 447aa5af90cb448ed9d695d53154f274,
        type: 3}
      propertyPath: m_LocalScale.y
      value: 1
      objectReference: {fileID: 0}
    - target: {fileID: 3551985570877611421, guid: 447aa5af90cb448ed9d695d53154f274,
        type: 3}
      propertyPath: m_LocalRotation.x
      value: -0
      objectReference: {fileID: 0}
    - target: {fileID: 3551985570877611421, guid: 447aa5af90cb448ed9d695d53154f274,
        type: 3}
      propertyPath: m_LocalRotation.y
      value: -0
      objectReference: {fileID: 0}
    - target: {fileID: 3551985570877611421, guid: 447aa5af90cb448ed9d695d53154f274,
        type: 3}
      propertyPath: m_LocalRotation.z
      value: -0.5812328
      objectReference: {fileID: 0}
    - target: {fileID: 3551985570877611421, guid: 447aa5af90cb448ed9d695d53154f274,
        type: 3}
      propertyPath: m_LocalRotation.w
      value: 0.81373733
      objectReference: {fileID: 0}
    - target: {fileID: 3551985570877611421, guid: 447aa5af90cb448ed9d695d53154f274,
        type: 3}
      propertyPath: m_LocalEulerAnglesHint.z
      value: 0
      objectReference: {fileID: 0}
    - target: {fileID: 3551985570877611421, guid: 447aa5af90cb448ed9d695d53154f274,
        type: 3}
      propertyPath: m_LocalPosition.x
      value: 1.395335
      objectReference: {fileID: 0}
    - target: {fileID: 3551985570877611421, guid: 447aa5af90cb448ed9d695d53154f274,
        type: 3}
      propertyPath: m_LocalPosition.y
      value: -0.00000009663454
      objectReference: {fileID: 0}
    - target: {fileID: 3551985570877611421, guid: 447aa5af90cb448ed9d695d53154f274,
        type: 3}
      propertyPath: m_LocalScale.x
      value: 1
      objectReference: {fileID: 0}
    - target: {fileID: 3551985570877611421, guid: 447aa5af90cb448ed9d695d53154f274,
        type: 3}
      propertyPath: m_LocalScale.y
      value: 1
      objectReference: {fileID: 0}
    - target: {fileID: 3551985570877611421, guid: 447aa5af90cb448ed9d695d53154f274,
        type: 3}
      propertyPath: m_LocalScale.z
      value: 1
      objectReference: {fileID: 0}
    - target: {fileID: 3703423336406702569, guid: 447aa5af90cb448ed9d695d53154f274,
        type: 3}
      propertyPath: m_LocalRotation.z
      value: 0.1488313
      objectReference: {fileID: 0}
    - target: {fileID: 3703423336406702569, guid: 447aa5af90cb448ed9d695d53154f274,
        type: 3}
      propertyPath: m_LocalRotation.w
      value: 0.9888626
      objectReference: {fileID: 0}
    - target: {fileID: 3739011309628236618, guid: 447aa5af90cb448ed9d695d53154f274,
        type: 3}
      propertyPath: m_LocalRotation.z
      value: 0.1389123
      objectReference: {fileID: 0}
    - target: {fileID: 3739011309628236618, guid: 447aa5af90cb448ed9d695d53154f274,
        type: 3}
      propertyPath: m_LocalPosition.y
      value: -0.7053668
      objectReference: {fileID: 0}
    - target: {fileID: 4345876259893789953, guid: 447aa5af90cb448ed9d695d53154f274,
        type: 3}
      propertyPath: m_RootOrder
      value: 5
      objectReference: {fileID: 0}
    - target: {fileID: 4399831354402261515, guid: 447aa5af90cb448ed9d695d53154f274,
        type: 3}
      propertyPath: m_LocalRotation.z
      value: 0.1834784
      objectReference: {fileID: 0}
    - target: {fileID: 4399831354402261515, guid: 447aa5af90cb448ed9d695d53154f274,
        type: 3}
      propertyPath: m_LocalRotation.w
      value: 0.9830238
      objectReference: {fileID: 0}
    - target: {fileID: 4399831354402261515, guid: 447aa5af90cb448ed9d695d53154f274,
        type: 3}
      propertyPath: m_LocalPosition.y
      value: -0.1681939
      objectReference: {fileID: 0}
    - target: {fileID: 4506164444674980578, guid: 447aa5af90cb448ed9d695d53154f274,
        type: 3}
      propertyPath: m_RootOrder
      value: 15
      objectReference: {fileID: 0}
    - target: {fileID: 4517944589123236592, guid: 447aa5af90cb448ed9d695d53154f274,
        type: 3}
      propertyPath: m_RootOrder
      value: 9
      objectReference: {fileID: 0}
    - target: {fileID: 4552979913164425882, guid: 447aa5af90cb448ed9d695d53154f274,
        type: 3}
      propertyPath: m_LocalPosition.x
      value: 0.7323892
      objectReference: {fileID: 0}
    - target: {fileID: 4552979913164425882, guid: 447aa5af90cb448ed9d695d53154f274,
        type: 3}
      propertyPath: m_LocalScale.x
      value: 1
      objectReference: {fileID: 0}
    - target: {fileID: 4552979913164425882, guid: 447aa5af90cb448ed9d695d53154f274,
        type: 3}
      propertyPath: m_LocalScale.y
      value: 1
      objectReference: {fileID: 0}
    - target: {fileID: 4552979913164425882, guid: 447aa5af90cb448ed9d695d53154f274,
        type: 3}
      propertyPath: m_LocalRotation.z
      value: -0.00000005084598
      objectReference: {fileID: 0}
    - target: {fileID: 4552979913164425882, guid: 447aa5af90cb448ed9d695d53154f274,
        type: 3}
      propertyPath: m_LocalRotation.x
      value: 0
      objectReference: {fileID: 0}
    - target: {fileID: 4552979913164425882, guid: 447aa5af90cb448ed9d695d53154f274,
        type: 3}
      propertyPath: m_LocalRotation.y
      value: 0
      objectReference: {fileID: 0}
    - target: {fileID: 4552979913164425882, guid: 447aa5af90cb448ed9d695d53154f274,
        type: 3}
      propertyPath: m_LocalPosition.y
      value: -0.0000001044982
      objectReference: {fileID: 0}
    - target: {fileID: 4552979913164425882, guid: 447aa5af90cb448ed9d695d53154f274,
        type: 3}
      propertyPath: m_LocalRotation.w
      value: 1
      objectReference: {fileID: 0}
    - target: {fileID: 4833336940501261873, guid: 447aa5af90cb448ed9d695d53154f274,
        type: 3}
      propertyPath: m_RootOrder
      value: 7
      objectReference: {fileID: 0}
    - target: {fileID: 5380128795737028205, guid: 447aa5af90cb448ed9d695d53154f274,
        type: 3}
      propertyPath: m_Bounds.m_Center.x
      value: 0.00017386675
      objectReference: {fileID: 0}
    - target: {fileID: 5380128795737028205, guid: 447aa5af90cb448ed9d695d53154f274,
        type: 3}
      propertyPath: m_Bounds.m_Center.y
      value: 0.00030481815
      objectReference: {fileID: 0}
    - target: {fileID: 5380128795737028205, guid: 447aa5af90cb448ed9d695d53154f274,
        type: 3}
      propertyPath: m_Bounds.m_Extent.x
      value: 0.23975518
      objectReference: {fileID: 0}
    - target: {fileID: 5380128795737028205, guid: 447aa5af90cb448ed9d695d53154f274,
        type: 3}
      propertyPath: m_Bounds.m_Extent.y
      value: 0.46394503
      objectReference: {fileID: 0}
    - target: {fileID: 5428039959651166474, guid: 447aa5af90cb448ed9d695d53154f274,
        type: 3}
      propertyPath: m_Bounds.m_Center.x
      value: 0
      objectReference: {fileID: 0}
    - target: {fileID: 5428039959651166474, guid: 447aa5af90cb448ed9d695d53154f274,
        type: 3}
      propertyPath: m_Bounds.m_Center.y
      value: -0.000014990568
      objectReference: {fileID: 0}
    - target: {fileID: 5428039959651166474, guid: 447aa5af90cb448ed9d695d53154f274,
        type: 3}
      propertyPath: m_Bounds.m_Extent.x
      value: 0.35500002
      objectReference: {fileID: 0}
    - target: {fileID: 5428039959651166474, guid: 447aa5af90cb448ed9d695d53154f274,
        type: 3}
      propertyPath: m_Bounds.m_Extent.y
      value: 0.28449494
      objectReference: {fileID: 0}
    - target: {fileID: 5579235179222075995, guid: 447aa5af90cb448ed9d695d53154f274,
        type: 3}
      propertyPath: m_LocalRotation.z
      value: 0.20776954
      objectReference: {fileID: 0}
    - target: {fileID: 5579235179222075995, guid: 447aa5af90cb448ed9d695d53154f274,
        type: 3}
      propertyPath: m_LocalRotation.w
      value: 0.97817785
      objectReference: {fileID: 0}
    - target: {fileID: 5579235179222075995, guid: 447aa5af90cb448ed9d695d53154f274,
        type: 3}
      propertyPath: m_LocalRotation.x
      value: 0
      objectReference: {fileID: 0}
    - target: {fileID: 5579235179222075995, guid: 447aa5af90cb448ed9d695d53154f274,
        type: 3}
      propertyPath: m_LocalRotation.y
      value: 0
      objectReference: {fileID: 0}
    - target: {fileID: 5579235179222075995, guid: 447aa5af90cb448ed9d695d53154f274,
        type: 3}
      propertyPath: m_LocalEulerAnglesHint.z
      value: 0
      objectReference: {fileID: 0}
    - target: {fileID: 5579235179222075995, guid: 447aa5af90cb448ed9d695d53154f274,
        type: 3}
      propertyPath: m_LocalPosition.y
      value: 0.54
      objectReference: {fileID: 0}
    - target: {fileID: 5579235179222075995, guid: 447aa5af90cb448ed9d695d53154f274,
        type: 3}
      propertyPath: m_LocalPosition.x
      value: 0.6724763
      objectReference: {fileID: 0}
    - target: {fileID: 5825380733283316287, guid: 447aa5af90cb448ed9d695d53154f274,
        type: 3}
      propertyPath: m_IsActive
      value: 0
      objectReference: {fileID: 0}
    - target: {fileID: 6168572945547064769, guid: 447aa5af90cb448ed9d695d53154f274,
        type: 3}
      propertyPath: m_LocalRotation.w
      value: 0.99813616
      objectReference: {fileID: 0}
    - target: {fileID: 6168572945547064769, guid: 447aa5af90cb448ed9d695d53154f274,
        type: 3}
      propertyPath: m_LocalRotation.z
      value: -0.06102691
      objectReference: {fileID: 0}
    - target: {fileID: 6214763813898570207, guid: 447aa5af90cb448ed9d695d53154f274,
        type: 3}
      propertyPath: m_LocalRotation.x
      value: -0
      objectReference: {fileID: 0}
    - target: {fileID: 6214763813898570207, guid: 447aa5af90cb448ed9d695d53154f274,
        type: 3}
      propertyPath: m_LocalRotation.y
      value: -0
      objectReference: {fileID: 0}
    - target: {fileID: 6214763813898570207, guid: 447aa5af90cb448ed9d695d53154f274,
        type: 3}
      propertyPath: m_LocalRotation.z
      value: 0.7025058
      objectReference: {fileID: 0}
    - target: {fileID: 6214763813898570207, guid: 447aa5af90cb448ed9d695d53154f274,
        type: 3}
      propertyPath: m_LocalRotation.w
      value: 0.7116766
      objectReference: {fileID: 0}
    - target: {fileID: 6214763813898570207, guid: 447aa5af90cb448ed9d695d53154f274,
        type: 3}
      propertyPath: m_LocalEulerAnglesHint.z
      value: 89.257
      objectReference: {fileID: 0}
    - target: {fileID: 6214763813898570207, guid: 447aa5af90cb448ed9d695d53154f274,
        type: 3}
      propertyPath: m_LocalScale.x
      value: 1
      objectReference: {fileID: 0}
    - target: {fileID: 6214763813898570207, guid: 447aa5af90cb448ed9d695d53154f274,
        type: 3}
      propertyPath: m_LocalScale.y
      value: 1
      objectReference: {fileID: 0}
    - target: {fileID: 6214763813898570207, guid: 447aa5af90cb448ed9d695d53154f274,
        type: 3}
      propertyPath: m_LocalScale.z
      value: 1
      objectReference: {fileID: 0}
    - target: {fileID: 6214763813898570207, guid: 447aa5af90cb448ed9d695d53154f274,
        type: 3}
      propertyPath: m_LocalPosition.x
      value: 0.5328772
      objectReference: {fileID: 0}
    - target: {fileID: 6214763813898570207, guid: 447aa5af90cb448ed9d695d53154f274,
        type: 3}
      propertyPath: m_LocalPosition.y
      value: 0.3294817
      objectReference: {fileID: 0}
    - target: {fileID: 6854982397712429424, guid: 447aa5af90cb448ed9d695d53154f274,
        type: 3}
      propertyPath: m_LocalRotation.y
      value: -0
      objectReference: {fileID: 0}
    - target: {fileID: 6854982397712429424, guid: 447aa5af90cb448ed9d695d53154f274,
        type: 3}
      propertyPath: m_LocalRotation.w
      value: 0.6852719
      objectReference: {fileID: 0}
    - target: {fileID: 6854982397712429424, guid: 447aa5af90cb448ed9d695d53154f274,
        type: 3}
      propertyPath: m_LocalPosition.x
      value: 0.2821614
      objectReference: {fileID: 0}
    - target: {fileID: 6854982397712429424, guid: 447aa5af90cb448ed9d695d53154f274,
        type: 3}
      propertyPath: m_LocalPosition.y
      value: -0.6083208
      objectReference: {fileID: 0}
    - target: {fileID: 6854982397712429424, guid: 447aa5af90cb448ed9d695d53154f274,
        type: 3}
      propertyPath: m_LocalRotation.x
      value: -0
      objectReference: {fileID: 0}
    - target: {fileID: 6854982397712429424, guid: 447aa5af90cb448ed9d695d53154f274,
        type: 3}
      propertyPath: m_LocalRotation.z
      value: -0.72828734
      objectReference: {fileID: 0}
    - target: {fileID: 6854982397712429424, guid: 447aa5af90cb448ed9d695d53154f274,
        type: 3}
      propertyPath: m_LocalEulerAnglesHint.z
      value: -93.48601
      objectReference: {fileID: 0}
    - target: {fileID: 6854982397712429424, guid: 447aa5af90cb448ed9d695d53154f274,
        type: 3}
      propertyPath: m_LocalScale.y
      value: 1
      objectReference: {fileID: 0}
    - target: {fileID: 6854982397712429424, guid: 447aa5af90cb448ed9d695d53154f274,
        type: 3}
      propertyPath: m_LocalScale.x
      value: 1
      objectReference: {fileID: 0}
    - target: {fileID: 6854982397712429424, guid: 447aa5af90cb448ed9d695d53154f274,
        type: 3}
      propertyPath: m_LocalScale.z
      value: 1
      objectReference: {fileID: 0}
    - target: {fileID: 7227224394504107151, guid: 447aa5af90cb448ed9d695d53154f274,
        type: 3}
      propertyPath: m_LocalRotation.z
      value: -0.0046423078
      objectReference: {fileID: 0}
    - target: {fileID: 7227224394504107151, guid: 447aa5af90cb448ed9d695d53154f274,
        type: 3}
      propertyPath: m_LocalRotation.w
      value: 0.9999892
      objectReference: {fileID: 0}
    - target: {fileID: 7227224394504107151, guid: 447aa5af90cb448ed9d695d53154f274,
        type: 3}
      propertyPath: m_LocalPosition.y
      value: 0.0000001238523
      objectReference: {fileID: 0}
    - target: {fileID: 7227224394504107151, guid: 447aa5af90cb448ed9d695d53154f274,
        type: 3}
      propertyPath: m_LocalPosition.x
      value: 0.6633204
      objectReference: {fileID: 0}
    - target: {fileID: 7227224394504107151, guid: 447aa5af90cb448ed9d695d53154f274,
        type: 3}
      propertyPath: m_LocalRotation.x
      value: 0
      objectReference: {fileID: 0}
    - target: {fileID: 7227224394504107151, guid: 447aa5af90cb448ed9d695d53154f274,
        type: 3}
      propertyPath: m_LocalRotation.y
      value: 0
      objectReference: {fileID: 0}
    - target: {fileID: 7227224394504107151, guid: 447aa5af90cb448ed9d695d53154f274,
        type: 3}
      propertyPath: m_LocalEulerAnglesHint.z
      value: 0
      objectReference: {fileID: 0}
    - target: {fileID: 7231798752288362871, guid: 447aa5af90cb448ed9d695d53154f274,
        type: 3}
      propertyPath: m_LocalPosition.x
      value: 0
      objectReference: {fileID: 0}
    - target: {fileID: 7231798752288362871, guid: 447aa5af90cb448ed9d695d53154f274,
        type: 3}
      propertyPath: m_LocalPosition.y
      value: 0.72
      objectReference: {fileID: 0}
    - target: {fileID: 7231798752288362871, guid: 447aa5af90cb448ed9d695d53154f274,
        type: 3}
      propertyPath: m_LocalPosition.z
      value: 2.0762038
      objectReference: {fileID: 0}
    - target: {fileID: 7231798752288362871, guid: 447aa5af90cb448ed9d695d53154f274,
        type: 3}
      propertyPath: m_LocalRotation.x
      value: -0
      objectReference: {fileID: 0}
    - target: {fileID: 7231798752288362871, guid: 447aa5af90cb448ed9d695d53154f274,
        type: 3}
      propertyPath: m_LocalRotation.y
      value: -0
      objectReference: {fileID: 0}
    - target: {fileID: 7231798752288362871, guid: 447aa5af90cb448ed9d695d53154f274,
        type: 3}
      propertyPath: m_LocalRotation.z
      value: -0
      objectReference: {fileID: 0}
    - target: {fileID: 7231798752288362871, guid: 447aa5af90cb448ed9d695d53154f274,
        type: 3}
      propertyPath: m_LocalRotation.w
      value: 1
      objectReference: {fileID: 0}
    - target: {fileID: 7231798752288362871, guid: 447aa5af90cb448ed9d695d53154f274,
        type: 3}
      propertyPath: m_RootOrder
      value: 0
      objectReference: {fileID: 0}
    - target: {fileID: 7231798752288362871, guid: 447aa5af90cb448ed9d695d53154f274,
        type: 3}
      propertyPath: m_LocalEulerAnglesHint.x
      value: 0
      objectReference: {fileID: 0}
    - target: {fileID: 7231798752288362871, guid: 447aa5af90cb448ed9d695d53154f274,
        type: 3}
      propertyPath: m_LocalEulerAnglesHint.y
      value: 0
      objectReference: {fileID: 0}
    - target: {fileID: 7231798752288362871, guid: 447aa5af90cb448ed9d695d53154f274,
        type: 3}
      propertyPath: m_LocalEulerAnglesHint.z
      value: 0
      objectReference: {fileID: 0}
    - target: {fileID: 7231798752288362871, guid: 447aa5af90cb448ed9d695d53154f274,
        type: 3}
      propertyPath: m_LocalScale.x
      value: 0.7
      objectReference: {fileID: 0}
    - target: {fileID: 7231798752288362871, guid: 447aa5af90cb448ed9d695d53154f274,
        type: 3}
      propertyPath: m_LocalScale.y
      value: 0.7
      objectReference: {fileID: 0}
    - target: {fileID: 7231798752288362871, guid: 447aa5af90cb448ed9d695d53154f274,
        type: 3}
      propertyPath: m_LocalScale.z
      value: 0.7
      objectReference: {fileID: 0}
    - target: {fileID: 7476178787725801259, guid: 447aa5af90cb448ed9d695d53154f274,
        type: 3}
      propertyPath: m_LocalRotation.z
      value: 0.52182275
      objectReference: {fileID: 0}
    - target: {fileID: 7476178787725801259, guid: 447aa5af90cb448ed9d695d53154f274,
        type: 3}
      propertyPath: m_LocalScale.x
      value: 0.9999998
      objectReference: {fileID: 0}
    - target: {fileID: 7476178787725801259, guid: 447aa5af90cb448ed9d695d53154f274,
        type: 3}
      propertyPath: m_LocalScale.y
      value: 0.9999998
      objectReference: {fileID: 0}
    - target: {fileID: 7476178787725801259, guid: 447aa5af90cb448ed9d695d53154f274,
        type: 3}
      propertyPath: m_LocalEulerAnglesHint.z
      value: 0
      objectReference: {fileID: 0}
    - target: {fileID: 7476178787725801259, guid: 447aa5af90cb448ed9d695d53154f274,
        type: 3}
      propertyPath: m_LocalRotation.w
      value: 0.853054
      objectReference: {fileID: 0}
    - target: {fileID: 7476178787725801259, guid: 447aa5af90cb448ed9d695d53154f274,
        type: 3}
      propertyPath: m_LocalPosition.x
      value: 0.09254591
      objectReference: {fileID: 0}
    - target: {fileID: 7476178787725801259, guid: 447aa5af90cb448ed9d695d53154f274,
        type: 3}
      propertyPath: m_LocalPosition.y
      value: 0.9193308
      objectReference: {fileID: 0}
    - target: {fileID: 7476178787725801259, guid: 447aa5af90cb448ed9d695d53154f274,
        type: 3}
      propertyPath: m_LocalRotation.x
      value: 0
      objectReference: {fileID: 0}
    - target: {fileID: 7476178787725801259, guid: 447aa5af90cb448ed9d695d53154f274,
        type: 3}
      propertyPath: m_LocalRotation.y
      value: 0
      objectReference: {fileID: 0}
    - target: {fileID: 7768634692197692857, guid: 447aa5af90cb448ed9d695d53154f274,
        type: 3}
      propertyPath: m_LocalRotation.z
      value: -0.004642308
      objectReference: {fileID: 0}
    - target: {fileID: 7768634692197692857, guid: 447aa5af90cb448ed9d695d53154f274,
        type: 3}
      propertyPath: m_LocalScale.x
      value: 1
      objectReference: {fileID: 0}
    - target: {fileID: 7768634692197692857, guid: 447aa5af90cb448ed9d695d53154f274,
        type: 3}
      propertyPath: m_LocalScale.y
      value: 1
      objectReference: {fileID: 0}
    - target: {fileID: 7768634692197692857, guid: 447aa5af90cb448ed9d695d53154f274,
        type: 3}
      propertyPath: m_LocalRotation.w
      value: 0.9999892
      objectReference: {fileID: 0}
    - target: {fileID: 7768634692197692857, guid: 447aa5af90cb448ed9d695d53154f274,
        type: 3}
      propertyPath: m_LocalPosition.x
      value: 0.6633205
      objectReference: {fileID: 0}
    - target: {fileID: 7768634692197692857, guid: 447aa5af90cb448ed9d695d53154f274,
        type: 3}
      propertyPath: m_LocalPosition.y
      value: 0.00000003044093
      objectReference: {fileID: 0}
    - target: {fileID: 7941394509693903288, guid: 447aa5af90cb448ed9d695d53154f274,
        type: 3}
      propertyPath: m_LocalRotation.y
      value: -0
      objectReference: {fileID: 0}
    - target: {fileID: 7941394509693903288, guid: 447aa5af90cb448ed9d695d53154f274,
        type: 3}
      propertyPath: m_LocalPosition.y
      value: 0.5042858
      objectReference: {fileID: 0}
    - target: {fileID: 7941394509693903288, guid: 447aa5af90cb448ed9d695d53154f274,
        type: 3}
      propertyPath: m_LocalPosition.x
      value: 0.2064525
      objectReference: {fileID: 0}
    - target: {fileID: 7941394509693903288, guid: 447aa5af90cb448ed9d695d53154f274,
        type: 3}
      propertyPath: m_LocalRotation.x
      value: -0
      objectReference: {fileID: 0}
    - target: {fileID: 7941394509693903288, guid: 447aa5af90cb448ed9d695d53154f274,
        type: 3}
      propertyPath: m_LocalRotation.z
      value: 0.9954346
      objectReference: {fileID: 0}
    - target: {fileID: 7941394509693903288, guid: 447aa5af90cb448ed9d695d53154f274,
        type: 3}
      propertyPath: m_LocalRotation.w
      value: 0.09544623
      objectReference: {fileID: 0}
    - target: {fileID: 7941394509693903288, guid: 447aa5af90cb448ed9d695d53154f274,
        type: 3}
      propertyPath: m_LocalEulerAnglesHint.z
      value: 169.046
      objectReference: {fileID: 0}
    - target: {fileID: 7941394509693903288, guid: 447aa5af90cb448ed9d695d53154f274,
        type: 3}
      propertyPath: m_LocalScale.x
      value: 1
      objectReference: {fileID: 0}
    - target: {fileID: 7941394509693903288, guid: 447aa5af90cb448ed9d695d53154f274,
        type: 3}
      propertyPath: m_LocalScale.y
      value: 1
      objectReference: {fileID: 0}
    - target: {fileID: 8435598856512257182, guid: 447aa5af90cb448ed9d695d53154f274,
        type: 3}
      propertyPath: m_Bounds.m_Center.x
      value: 0.00751549
      objectReference: {fileID: 0}
    - target: {fileID: 8435598856512257182, guid: 447aa5af90cb448ed9d695d53154f274,
        type: 3}
      propertyPath: m_Bounds.m_Center.y
      value: -0.0019444823
      objectReference: {fileID: 0}
    - target: {fileID: 8435598856512257182, guid: 447aa5af90cb448ed9d695d53154f274,
        type: 3}
      propertyPath: m_Bounds.m_Extent.x
      value: 0.6874857
      objectReference: {fileID: 0}
    - target: {fileID: 8435598856512257182, guid: 447aa5af90cb448ed9d695d53154f274,
        type: 3}
      propertyPath: m_Bounds.m_Extent.y
      value: 0.43805474
      objectReference: {fileID: 0}
    - target: {fileID: 8985964242431107351, guid: 447aa5af90cb448ed9d695d53154f274,
        type: 3}
      propertyPath: m_RootOrder
      value: 11
      objectReference: {fileID: 0}
    m_RemovedComponents: []
  m_SourcePrefab: {fileID: 1463616636624387241, guid: 447aa5af90cb448ed9d695d53154f274,
    type: 3}
--- !u!4 &1640723159238141658 stripped
Transform:
  m_CorrespondingSourceObject: {fileID: 7227224394504107151, guid: 447aa5af90cb448ed9d695d53154f274,
    type: 3}
  m_PrefabInstance: {fileID: 8253206195206165077}
  m_PrefabAsset: {fileID: 0}
--- !u!4 &6355178422098872819 stripped
Transform:
  m_CorrespondingSourceObject: {fileID: -6144204754877719642, guid: 447aa5af90cb448ed9d695d53154f274,
    type: 3}
  m_PrefabInstance: {fileID: 8253206195206165077}
  m_PrefabAsset: {fileID: 0}
--- !u!4 &6014263821719411424 stripped
Transform:
  m_CorrespondingSourceObject: {fileID: -6773499214585362251, guid: 447aa5af90cb448ed9d695d53154f274,
    type: 3}
  m_PrefabInstance: {fileID: 8253206195206165077}
  m_PrefabAsset: {fileID: 0}
--- !u!4 &6605157051108723044 stripped
Transform:
  m_CorrespondingSourceObject: {fileID: 2964349426661956401, guid: 447aa5af90cb448ed9d695d53154f274,
    type: 3}
  m_PrefabInstance: {fileID: 8253206195206165077}
  m_PrefabAsset: {fileID: 0}
--- !u!4 &5595203933044119759 stripped
Transform:
  m_CorrespondingSourceObject: {fileID: 4552979913164425882, guid: 447aa5af90cb448ed9d695d53154f274,
    type: 3}
  m_PrefabInstance: {fileID: 8253206195206165077}
  m_PrefabAsset: {fileID: 0}
--- !u!4 &1534038286268753278 stripped
Transform:
  m_CorrespondingSourceObject: {fileID: 7476178787725801259, guid: 447aa5af90cb448ed9d695d53154f274,
    type: 3}
  m_PrefabInstance: {fileID: 8253206195206165077}
  m_PrefabAsset: {fileID: 0}
--- !u!4 &1645438842956923682 stripped
Transform:
  m_CorrespondingSourceObject: {fileID: 7231798752288362871, guid: 447aa5af90cb448ed9d695d53154f274,
    type: 3}
  m_PrefabInstance: {fileID: 8253206195206165077}
  m_PrefabAsset: {fileID: 0}
--- !u!1 &5335761957216394833 stripped
GameObject:
  m_CorrespondingSourceObject: {fileID: -5150666119027356668, guid: 447aa5af90cb448ed9d695d53154f274,
    type: 3}
  m_PrefabInstance: {fileID: 8253206195206165077}
  m_PrefabAsset: {fileID: 0}
